@book{cheung2023metric,
  title={Metric Space Topology: Examples, Exercises And Solutions},
  author={Cheung, W.},
  series={Series On Analysis, Applications And Computation},
  year={2023},
  publisher={World Scientific Publishing Company}
}
